@BOOK{book1,
 title = {Title of the book with some {Upper Case LETTERS}},
 author = {Surname1, Name1 and Surname2, Name2 and Surname3, Name3},
 publisher = {Book publisher},
 edition = {1st},
 year = {2021}
}

@ARTICLE{article1,
  title = {Title of the article},
  author = {Surname4, Name4 and Surname5, Name5 and Surname6, Name6},
  journal = {Journal's name},
  volume = {1},
  number = {2},
  pages = {3--5},
  year = {2021}
}

@INPROCEEDINGS{conference1,
 title = {Title of the conference},
 author = {Surname7, Name7 and Surname8, Name8 and Surname9, Name9},
 booktitle = {Proceedings of the conference's name},
 month = {Feb.},
 year = {2021},
 address = {city, state}
}

@ONLINE{online1,
 author = {{Author of the resource}},
 title = {Title of the resource},
 url  = {https://unipd.it},
 addendum = {(accessed: 16.02.2021)}
}

@article{lipton2017mythos,
	author = {Lipton, Zachary},
	year = {2016},
	month = {10},
	pages = {},
	title = {The Mythos of Model Interpretability},
	volume = {61},
	journal = {Communications of the ACM},
	doi = {10.1145/3233231}
}

@article{montavon2018methods,
	title = {Methods for interpreting and understanding deep neural networks},
	journal = {Digital Signal Processing},
	volume = {73},
	pages = {1-15},
	year = {2018},
	author = {Grégoire Montavon and Wojciech Samek and Klaus-Robert Müller},
}

@inproceedings{gilpin2018explaining,
	author = {Gilpin, Leilani and Bau, David and Yuan, Ben and Bajwa, Ayesha and Specter, Michael and Kagal, Lalana},
	year = {2018},
	month = {Oct.},
	pages = {80-89},
	title = {Explaining Explanations: An Overview of Interpretability of Machine Learning},
	doi = {10.1109/DSAA.2018.00018}
}

@INPROCEEDINGS{dosilovic2018explainable,  author={Došilović, Filip Karlo and Brčić, Mario and Hlupić, Nikica},  booktitle={2018 41st International Convention on Information and Communication Technology, Electronics and Microelectronics (MIPRO)},   title={Explainable artificial intelligence: A survey},   year={2018},  volume={},  number={},  pages={0210-0215}}

@online{doshivelez2017rigorous,
	title={Towards A Rigorous Science of Interpretable Machine Learning}, 
	author={Finale Doshi-Velez and Been Kim},
	year={2017},
	url={https://arxiv.org/abs/1702.08608}
}

@INPROCEEDINGS{daniele2019kenn,
	author={Daniele, Alessandro	and Serafini, Luciano},
	title={Knowledge Enhanced Neural Networks},
	booktitle={PRICAI 2019: Trends in Artificial Intelligence},
	year={2019},
	publisher={Springer International Publishing},
	address={Cham},
	pages={542--554},
}

@ARTICLE{burkart2021survey,
	author = {Burkart, Nadia and Huber, Marco},
	year = {2021},
	month = {01},
	pages = {},
	title = {A Survey on the Explainability of Supervised Machine Learning},
	volume = {70},
	journal = {Journal of Artificial Intelligence Research},
	doi = {10.1613/jair.1.12228}
}

@article{marcus2018appraisal,
	author = {Marcus, Gary},
	year = {2018},
	month = {Jan.},
	pages = {},
	title = {Deep Learning: A Critical Appraisal}
}

@article{szegedy2013intriguing,
	author = {Szegedy, Christian and Zaremba, Wojciech and Sutskever, Ilya and Bruna, Joan and Erhan, Dumitru and Goodfellow, Ian and Fergus, Rob},
	year = {2013},
	month = {12},
	pages = {},
	title = {Intriguing properties of neural networks}
}

@inproceedings{bolukbasi2016debiasing,
	author = {Bolukbasi, Tolga and Chang, Kai-Wei and Zou, James and Saligrama, Venkatesh and Kalai, Adam},
	title = {Man is to Computer Programmer as Woman is to Homemaker? Debiasing Word Embeddings},
	year = {2016},
	isbn = {9781510838819},
	publisher = {Curran Associates Inc.},
	address = {Red Hook, NY, USA},
	booktitle = {Proceedings of the 30th International Conference on Neural Information Processing Systems},
	pages = {4356–4364},
	numpages = {9},
	location = {Barcelona, Spain},
	series = {NIPS'16}
}

@online{acm2017transparency,
	title={Statement on Algorithmic Transparency and Accountability}, 
	author={ACM},
	year={2017},
	url={https://www.acm.org/binaries/content/assets/public-policy/2017_usacm_statement_algorithms.pdf}
}

@article{gunning2019xai, title={DARPA’s Explainable Artificial Intelligence (XAI) Program}, volume={40}, url={https://ojs.aaai.org/index.php/aimagazine/article/view/2850}, DOI={10.1609/aimag.v40i2.2850}, number={2}, journal={AI Magazine}, author={Gunning, David and Aha, David}, year={2019}, month={Jun.}, pages={44-58} }

@inproceedings{nguyen2015fooled,
	author = {Nguyen, Anh and Yosinski, Jason and Clune, Jeff},
	year = {2015},
	month = {06},
	pages = {427-436},
	title = {Deep neural networks are easily fooled: High confidence predictions for unrecognizable images},
	journal = {2015 IEEE Conference on Computer Vision and Pattern Recognition (CVPR)},
	doi = {10.1109/CVPR.2015.7298640}
}

@inproceedings{jia2017adversarial,
	author = {Jia, Robin and Liang, Percy},
	year = {2017},
	month = {01},
	pages = {2021-2031},
	title = {Adversarial Examples for Evaluating Reading Comprehension Systems},
	doi = {10.18653/v1/D17-1215}
}

@BOOK{samek2019xai,
	title = {Explainable AI: Interpreting, Explaining and Visualizing Deep Learning},
	author = {Samek, Wojciech and Montavon, Grégoire and Vedaldi, Andrea and Lars Kai, Hansen and Müller, Klaus-Robert},
	publisher = {Springer},
	edition = {1st},
	year = {2019}
}

@article{Herman2017ThePA,
	title={The Promise and Peril of Human Evaluation for Model Interpretability},
	author={Bernease Herman},
	journal={ArXiv},
	year={2017},
	volume={abs/1711.07414}
}

@inproceedings{Kim2015InteractiveAI,
	title={Interactive and interpretable machine learning models for human machine collaboration},
	author={Been Kim},
	year={2015}
}

@inproceedings{ribeiro2016trust,
	author = {Ribeiro, Marco and Singh, Sameer and Guestrin, Carlos},
	year = {2016},
	month = {02},
	pages = {97-101},
	title = {“Why Should I Trust You?”: Explaining the Predictions of Any Classifier},
	doi = {10.18653/v1/N16-3020}
}

@misc{mordvintsev2015inceptionism,
	title	= {Inceptionism: Going Deeper into Neural Networks},
	author	= {Alexander Mordvintsev and Christopher Olah and Mike Tyka},
	year	= {2015},
	URL	= {https://research.googleblog.com/2015/06/inceptionism-going-deeper-into-neural.html}
}

@ARTICLE{krening2017leaning,  author={Krening, Samantha and Harrison, Brent and Feigh, Karen M. and Isbell, Charles Lee and Riedl, Mark and Thomaz, Andrea},  journal={IEEE Transactions on Cognitive and Developmental Systems},   title={Learning From Explanations Using Sentiment and Advice in RL},   year={2017},  volume={9},  number={1},  pages={44-55},  doi={10.1109/TCDS.2016.2628365}}

@inproceedings{mcauley2013hidden,
	author = {McAuley, Julian and Leskovec, Jure},
	title = {Hidden Factors and Hidden Topics: Understanding Rating Dimensions with Review Text},
	year = {2013},
	isbn = {9781450324090},
	publisher = {Association for Computing Machinery},
	address = {New York, NY, USA},
	url = {https://doi.org/10.1145/2507157.2507163},
	doi = {10.1145/2507157.2507163},
	booktitle = {Proceedings of the 7th ACM Conference on Recommender Systems},
	pages = {165–172},
	numpages = {8},
	keywords = {recommender systems, topic models},
	location = {Hong Kong, China},
	series = {RecSys '13}
}

@article{laurens2008tsne,
	author  = {Laurens van der Maaten and Geoffrey Hinton},
	title   = {Visualizing Data using t-SNE},
	journal = {Journal of Machine Learning Research},
	year    = {2008},
	volume  = {9},
	number  = {86},
	pages   = {2579-2605},
	url     = {http://jmlr.org/papers/v9/vandermaaten08a.html}
}

@article{mahendran2014understanding,
	author = {Mahendran, Aravindh and Vedaldi, Andrea},
	year = {2014},
	month = {11},
	pages = {},
	title = {Understanding Deep Image Representations by Inverting Them}
}

@article{simonyan2013deep,
	author = {Simonyan, Karen and Vedaldi, Andrea and Zisserman, Andrew},
	year = {2013},
	month = {12},
	pages = {},
	title = {Deep Inside Convolutional Networks: Visualising Image Classification Models and Saliency Maps},
	journal = {preprint}
}

